
@PhdThesis{Boake2003,
author = {I G Boake},
title = {A strategy for electrical load management in the {South African} mining industry},
school = {Rand Afrikaans University},
year = {2003}
}
@Misc{DoE2010,
author = {{Dept. of Energy}},
title = {{Policy to support the Energy Efficiency and Demand Side Management Program for the electricity sector through the Standard Offer Incentive Scheme}},
address ={South Africa},
month = {May},
year = {2010},
url = {http://www.energy.gov.za/files/policies/Standard_Offer_Policy.pdf}
}
@TechReport{DPE2007,
author = {{Dept. of Public Enterprises}},
title = {Strategically important developments},
institution = {DPE},
year = {2007},
address = {Pretoria, South Africa},
month = {May},
url = {http://www.dpe.gov.za/dl.php?id=36}
}
@techreport{EskomFacts2012,
author = {{Eskom}},
pages = {3},
title = {{Eskom facts sheet: generation plant mix}},
address = {Eskom, Megawatt Park, Maxwell Drive, Johannesburg, South Africa},
url = {http://www.eskom.co.za/content/GX_0001GenPlantMixRev13.pdf},
year = {2012}
}
@misc{EskomDSM2010,
author = {{Eskom DSM dept.}},
title = {The energy efficiency series: towards an energy efficient mining sector},
address = {Eskom, Megawatt Park, Maxwell Drive, Johannesburg, South Africa},
year = {2010},
url = {http://bitly.com/RFIX34}
}
@misc{EskomIDM2013,
author = {{Eskom IDM}},
title = {Funding Options},
address = {Eskom, Megawatt Park, Maxwell Drive, Johannesburg, South Africa},
year = {2013},
url = {http://http://www.eskomidm.co.za/funding-options}
}
@techreport{Eskom2010,
author = {{Eskom}},
pages = {315},
title = {{Eskom Holdings Annual Integrated Report 2010}},
address = {Eskom, Megawatt Park, Maxwell Drive, Johannesburg, South Africa},
year = {2010}
}
@techreport{Eskom2011,
author = {{Eskom}},
pages = {330},
title = {{Eskom Holdings Annual Integrated Report 2011}},
address = {Eskom, Megawatt Park, Maxwell Drive, Johannesburg, South Africa},
year = {2011}
}
@techreport{Eskom2012,
author = {{Eskom}},
pages = {162},
title = {{Eskom Holdings Annual Integrated Report 2012}},
address = {Eskom, Megawatt Park, Maxwell Drive, Johannesburg, South Africa},
year = {2012}
}
@booklet{Eskom2012TC,
author = {{Eskom}},
pages = {64},
title = {Tariffs \& Charges Booklet 2012/13},
address = {Eskom, Megawatt Park, Maxwell Drive, Johannesburg, South Africa},
year = {2012},
url = {http://goo.gl/DrW5W}
}
@InProceedings{Fraser2008,
author = {P Fraser},
title = {Saving energy by replacing compressed air with with localized hydropower systems: a 'half level' model approach},
booktitle = {Platinum in Transformation},
year = {2008}
}
@Article{Kaya2001,
author = {D Kaya and P Phelan and D Chau and H {Ibrahim Sarac}},
title = {Energy conservation in compressed-air systems},
journal = {Int. J. Energy Res.},
year = {2002},
month = {Jul.},
volume = {26},
issue = {9},
publisher = {John Wiley & Sons, Ltd.},
pages = {837-849}
}
@InProceedings{Mathews2008,
author = {E H Mathews and R Pelzer},
title = {New technology to ensure sustainability of {DSM} projects},
booktitle = {Industrial and Commercial Use of Energy (ICUE), 2008 Proceedings of the 5th Conference on the},
year={2008},
month={Mar.},
pages={11-14}
}
@InProceedings{Schutte2011,
author = {A J Schutte and M Kleingeld and J Vosloo},
title = {Various procedures to reduce a mine's compressed air usage},
booktitle = {Industrial and Commercial Use of Energy (ICUE), 2011 Proceedings of the 8th Conference on the},
year={2011},
month={Aug.},
pages={116-123}
}
@InProceedings{Marais2011,
author = {J H Marais and M Kleingeld and J F {van Rensburg}},
title = {Challenges in the scaling of energy savings baselines on mine compressed air systems},
booktitle = {Industrial and Commercial Use of Energy (ICUE), 2011 Proceedings of the 8th Conference on the},
year={2011},
month={Aug.},
pages={80-92}
}
@InProceedings{Pillay2009,
author = {D Pillay and Herman Claassen},
title = {Proposed principles for the evaluation and funding of {DSM} projects},
booktitle = {Power \& Energy Society General Meeting},
pages = {1-4},
year = {2009},
month = {Jul.}
}
@Article{Nortje2006,
author = {Tobie Nortje and {Eskom DSM}},
title = {South {Africa's} demand side management programme},
journal = {Vector},
year = {2006},
month = {Jan.},
optvolume = {14},
optissue = {4},
pages = {42-46}
}
@Article{Chen2006,
author = {Y Chen and J K Hwang},
title = {A reliable energy information system for promoting voluntary energy conservation benefits},
journal = {IEEE Transactions on Power Delivery},
year = {2006},
month = {Jan.},
optvolume = {21},
optissue = {1},
pages = {102-107}
}
@Article{Lee2011,
author = {P K Lee and L L Lai and S W Chan},
title = {A Practical Approach of Energy Efficiency Management Reporting Systems in Micro-Grid},
journal = {Power and Energy Society General Meeting, IEEE},
year = {2011},
pages = {1-5}
}
@MastersThesis{Pretorius2005,
author = {R J Pretorius},
title = {An automated {IT} application for ensuring sustainable savings with load shifting systems},
school = {NWU},
year = {2005},
OPTkey = {•},
OPTtype = {•},
OPTaddress = {•},
OPTmonth = {•},
OPTnote = {•},
OPTannote = {•}
}
@MastersThesis{Steyl2008,
author = {J P Steyl},
title = {An automated solution to facilitate sustainable {DSM} in the mining environment},
school = {NWU},
year = {2008},
OPTkey = {•},
OPTtype = {•},
OPTaddress = {•},
OPTmonth = {•},
OPTnote = {•},
OPTannote = {•}
}
@techreport{PWC2010,
author = {PWC},
pages = {34},
title = {{Review of trends in the South African mining industry}},
year = {2010}
}
@Article{Saidur2009,
author = {R Saidur and N A Rahim and M Hasanuzzaman},
title = {A review on compressed-air energy use and energy savings},
journal = {Renewable and Sustainable Energy Reviews},
year = {2010},
month = {May},
volume = {14},
issue = {4},
pages = {1135-1153}
}
@book{Hansen2009,
author = {S J Hansen and P Langlois and P Bertoldi},
edition = {1st},
publisher = {The Fairmont Press Inc.},
title = {{ESCOs} around the world: lessons learned in 49 countries},
pages = {377},
year = {2009}
}
@book{Schach2007,
author = {Schach, Stephen R.},
edition = {7th},
publisher = {McGraw-Hill},
title = {{Object-oriented and classical software engineering}},
year = {2007}
}
@techreport{StatisticsSouthAfrica2011,
author = {{Statistics South Africa}},
title = {{Contributions of the annualised percentage change in seasonally adjusted real value added by industry to the annualised percentage change in seasonally adjusted real GDP}},
url = {www.statssa.gov.za/keyindicators/GDP/Fact\_Sheet1.pdf},
year = {2011}
}
@techreport{TheChamberofMinesofSouthAfrica2010,
author = {{The Chamber of Mines of South Africa}},
pages = {2},
title = {{FACTS \& FIGURES 2010}},
year = {2010}
}
@Misc{VdMerwe2011,
author = {C {van der Merwe}},
title = {Low reserve margin makes maintenance difficult, raises risk of outages},
howpublished = {Engineering News Online},
url = {http://bit.ly/JLzynP},
OPTnote = {{Accessed: 2012-10-08}},
month = {Apr.},
year = {2011}
}
@Book{Rob2008database,
 author = {P Rob and AuthorTwo and AuthorThree},
 title = {Database systems design implementation {\&} management},
 publisher = {Cengage Learning},
 year = {2008},
 address = {London},
 pages = {808},
 isbn = {9781844807321}
 }
@misc{MySQLsite,
author = {{MySQL}},
title = {{MySQL} Editions},
year = {2012},
month = {Oct.},
day = {21},
note = {Official website},
url = {http://www.mysql.com/products}
}
@misc{Oraclesite,
author = {Oracle},
title = {Oracle database editions},
year = {2012},
month = {Oct.},
day = {21},
note = {Official website},
url = {http://www.oracle.com/us/products/database/product-editions-066501.html}
}
@misc{SQLServersite,
author = {Microsoft},
title = {{SQL Server} 2012 editions},
year = {2012},
month = {Oct.},
day = {21},
note = {Official website},
url = {http://www.microsoft.com/sqlserver/en/us/editions.aspx}
}
@misc{PostgreSQLsite,
author = {PostgreSQL},
title = {{PostgreSQL}},
year = {2012},
month = {Oct.},
day = {21},
note = {Official website},
url = {http://www.postgresql.org}
}
@misc{SQLitesite,
author = {SQLite},
title = {{SQLite}},
year = {2012},
month = {Oct.},
day = {21},
note = {Official website},
url = {http://sqlite.org/index.html}
}
@INPROCEEDINGS{Barbulescu2011, 
author={M Barbulescu and AuthorTwo and AuthorThree}, 
booktitle={Roedunet International Conference (RoEduNet), 2011 10th},
title={{GNU GPL} in studying programs from the Systems Engineering field}, 
year={2011}, 
month={Jun.}, 
volume={}, 
number={}, 
pages={1-4},
ISSN={2068-1038}
}
@INPROCEEDINGS{Houidi2010, 
author={Z B Houidi and Meulle, M.}, 
booktitle={Network Protocols (ICNP), 2010 18th IEEE International Conference on}, 
title={A new {VPN} routing approach for large scale networks}, 
year={2010}, 
month={Oct.}, 
volume={}, 
number={}, 
pages={124-133}, 
doi={10.1109/ICNP.2010.5762761}, 
ISSN={1092-1648}
}
@misc{WindowsZip,
author = {Microsoft},
title = {{Windows {XP} professional product documentation}},
year = {2012},
month = {Oct.},
day = {23},
note = {Official website},
url = {http://www.microsoft.com/resources/documentation/windows/xp/all/proddocs/en-us/vz_ovrvw.mspx?mfr=true}
}
@INPROCEEDINGS{Belknap2009, 
author={Belknap, P. and Dageville, B. and Dias, K. and Yagoub, K.}, 
booktitle={Data Engineering, 2009. ICDE '09. IEEE 25th International Conference on}, 
title={Self-Tuning for {SQL} Performance in {Oracle Database} 11g}, 
year={2009}, 
month={Mar.}, 
volume={}, 
number={}, 
pages={1694-1700},  
doi={10.1109/ICDE.2009.165}, 
ISSN={1084-4627}
}
@Misc{ISOnews2008,
author = {{ISO}},
title = {{PDF} format becomes {ISO} standard},
howpublished = {ISO news},
url = {http://www.iso.org/iso/home/news_index/news_archive/news.htm?refid=Ref1141},
month = {Jul.},
year = {2008}
}
@INPROCEEDINGS{Bolt2011, 
author={Bolt, G.D. and Kleingeld, M. and van Rensburg, J.F.}, 
booktitle={Industrial and Commercial Use of Energy (ICUE), 2011 Proceedings of the 8th Conference on the},
title={Carbon tax: Future models and impact}, 
year={2011}, 
month={Aug.},
pages={152-158}, 
volume={}, 
number={} 
}
@INPROCEEDINGS{Lloyd2011, 
author={Lloyd, P.J.D.}, 
booktitle={Industrial and Commercial Use of Energy (ICUE), 2011 Proceedings of the 8th Conference on the},
title={The case against a carbon tax for {South} {Africa}}, 
year={2011}, 
month={Aug.}, 
volume={}, 
number={}, 
pages={168-173}
}
@ARTICLE{Benjaafar2012, 
author={Benjaafar, S. and Li, Y. and Daskin, M.}, 
journal={Automation Science and Engineering, IEEE Transactions on},
title={Carbon Footprint and the Management of Supply Chains: Insights From Simple Models}, 
year={2012}, 
month={ }, 
volume={PP}, 
number={99}, 
pages={1}, 
keywords={}, 
doi={10.1109/TASE.2012.2203304}, 
ISSN={1545-5955}
}
@misc{PHPsite,
author = {PHP},
title = {{PHP}},
year = {2012},
month = {Oct.},
day = {28},
note = {Official website},
url = {http://www.php.net}
}
@InProceedings{Matlala2004,
author = {T Matlala},
title = {Industrial demand side management in {South Africa}},
booktitle = {Industrial and Commercial Use of Energy (ICUE), 2004 Proceedings of the 1st Conference on the},
year={2004},
month={May},
pages={19-24}
}
@InProceedings{Fiedler2012,
author = {T Fiedler and P Mircea},
title = {Energy management systems according to the {ISO} 50001 standard {—} Challenges and benefits},
booktitle = {Applied and Theoretical Electricity (ICATE), 2012 International Conference},
pages={1-4}, 
month={Oct.},
year={2012}
}
@InProceedings{Ranky2012,
author = {P G Ranky },
title = {Sustainable energy management and quality process models based on {ISO} 50001:2011 the International Energy Management Standard},
booktitle = {Sustainable Systems and Technology (ISSST), 2012 IEEE International Symposium},
pages={1-6}, 
month={May},
year={2012}
}
@INPROCEEDINGS{Wessels2011, 
author={A Wessels}, 
booktitle={Industrial and Commercial Use of Energy (ICUE), 2011 Proceedings of the 8th Conference on the},
title={Energy management system implementation at {Toyota SA}}, 
year={2011}, 
month={Aug.}, 
volume={}, 
number={}, 
pages={40-45}
}
@INPROCEEDINGS{Ottermann2011, 
author={E W Ottermann}, 
booktitle={Industrial and Commercial Use of Energy (ICUE), 2011 Proceedings of the 8th Conference on the},
title={Energy management challenges and opportunities in the {South African} cement industry}, 
year={2011}, 
month={Aug.}, 
volume={}, 
number={}, 
pages={34-39}
}