@Article{test,
	author = {Test},
	title = {This is a test},
	journal = {The test journal},
	year = {2017},
}
